<?xml version="1.0" encoding="UTF-8"?><collection xmlns="http://www.loc.gov/MARC21/slim"><record><leader>00499nam--2200193-i-4500</leader><controlfield tag="001">000004905</controlfield><controlfield tag="002">20161230</controlfield><controlfield tag="005">20161230201026</controlfield><controlfield tag="008">060222s1000------------r-----000-0-eng-d</controlfield><datafield ind1=" " ind2=" " tag="040"><subfield code="a">IFIN-HH</subfield></datafield><datafield ind1=" " ind2=" " tag="080"><subfield code="a">519.24</subfield></datafield><datafield ind1="1" ind2=" " tag="100"><subfield code="a">Aitken, A.C</subfield></datafield><datafield ind1="1" ind2="0" tag="245"><subfield code="a">Statistical mathematics</subfield><subfield code="c">A.c. aitken</subfield></datafield><datafield ind1=" " ind2=" " tag="250"><subfield code="a">Eighth Edition</subfield></datafield><datafield ind1=" " ind2=" " tag="260"><subfield code="a">Edinburgh</subfield><subfield code="b">Oliver And Boyd</subfield><subfield code="c">1957</subfield></datafield><datafield ind1=" " ind2=" " tag="300"><subfield code="a">VII + 153 P</subfield></datafield><datafield ind1=" " ind2=" " tag="490"><subfield code="a">University Mathematical Texts</subfield></datafield><datafield ind1=" " ind2=" " tag="852"><subfield code="a">14910</subfield><subfield code="c">519.24</subfield></datafield><datafield ind1=" " ind2=" " tag="CAT"><subfield code="a">Sys</subfield><subfield code="c">20130802</subfield><subfield code="h">104200</subfield></datafield></record></collection>